@Article{adesso2023,
  author  = {Adesso, Gerardo},
  journal = {AI Magazine},
  title   = {Towards the ultimate brain: exploring scientific discovery with {C}hat{GPT} {AI}},
  year    = {2023},
  number  = {3},
  pages   = {328--342},
  volume  = {44},
  url     = {https://onlinelibrary.wiley.com/doi/abs/10.1002/aaai.12113},
}

@Article{bahdanau2014,
  author  = {Bahdanau, Dzmitry and Cho, Kyunghyun and Bengio, Yoshua},
  journal = {arXiv preprint arXiv:1409.0473},
  title   = {Neural machine translation by jointly learning to align and translate},
  year    = {2014},
  url     = {https://arxiv.org/abs/1409.0473},
}

@Article{bao2022impact,
  author    = {Bao, Xiaoge and Hu, Qitong and Ji, Peng and Lin, Wei and Kurths, J{\"u}rgen and Nagler, Jan},
  title     = {Impact of basic network motifs on the collective response to perturbations},
  number    = {1},
  pages     = {5301},
  volume    = {13},
  journal   = {Nature Communications},
  publisher = {Nature Publishing Group UK London},
  year      = {2022},
}

@Article{barabasi2013network,
  author    = {Barab{\'a}si, Albert-L{\'a}szl{\'o}},
  title     = {Network science},
  number    = {1987},
  pages     = {20120375},
  volume    = {371},
  journal   = {Philosophical Transactions of the Royal Society A: Mathematical, Physical and Engineering Sciences},
  publisher = {The Royal Society Publishing},
  year      = {2013},
}

@Article{barbarossa2020topological,
  author    = {Barbarossa, Sergio and Sardellitti, Stefania},
  title     = {Topological signal processing over simplicial complexes},
  pages     = {2992--3007},
  volume    = {68},
  journal   = {IEEE Transactions on Signal Processing},
  publisher = {IEEE},
  year      = {2020},
}

@InProceedings{battaglia2016interaction,
  author    = {Battaglia, Peter and Pascanu, Razvan and Lai, Matthew and Rezende, Danilo Jimenez and kavukcuoglu, Koray},
  booktitle = {Proceedings of the 30th International Conference on Neural Information Processing Systems},
  title     = {Interaction networks for learning about objects, relations and physics},
  isbn      = {9781510838819},
  location  = {Barcelona, Spain},
  pages     = {4509â€“4517},
  publisher = {Curran Associates Inc.},
  series    = {NIPS'16},
  address   = {Red Hook, NY, USA},
  numpages  = {9},
  year      = {2016},
}

@Article{battaglia2018relational,
  author  = {Battaglia, Peter W. and Hamrick, Jessica B. and Bapst, Victor and Sanchez-Gonzalez, Alvaro and Zambaldi, Vinicius and Malinowski, Mateusz and Tacchetti, Andrea and Raposo, David and Santoro, Adam and Faulkner, Ryan and others},
  title   = {Relational inductive biases, deep learning, and graph networks},
  journal = {arXiv preprint arXiv:1806.01261},
  year    = {2018},
}

@Article{battiston2020networks,
  author    = {Battiston, Federico and Cencetti, Giulia and Iacopini, Iacopo and Latora, Vito and Lucas, Maxime and Patania, Alice and Young, Jean-Gabriel and Petri, Giovanni},
  title     = {Networks beyond pairwise interactions: structure and dynamics},
  pages     = {1--92},
  volume    = {874},
  journal   = {Physics Reports},
  publisher = {Elsevier},
  year      = {2020},
}

@Article{battiston2021physics,
  author    = {Battiston, Federico and Amico, Enrico and Barrat, Alain and Bianconi, Ginestra and Ferraz de Arruda, Guilherme and Franceschiello, Benedetta and Iacopini, Iacopo and K{\'e}fi, Sonia and Latora, Vito and Moreno, Yamir and others},
  title     = {The physics of higher-order interactions in complex systems},
  number    = {10},
  pages     = {1093--1098},
  volume    = {17},
  journal   = {Nature Physics},
  publisher = {Nature Publishing Group},
  year      = {2021},
}

@Article{benson2016higher,
  author    = {Benson, Austin R. and Gleich, David F. and Leskovec, Jure},
  title     = {Higher-order organization of complex networks},
  number    = {6295},
  pages     = {163--166},
  volume    = {353},
  journal   = {Science},
  publisher = {American Association for the Advancement of Science},
  year      = {2016},
}

@Article{benson2021higher,
  author  = {Benson, Austin R. and Gleich, David F. and Higham, Desmond J.},
  title   = {Higher-order network analysis takes off, fueled by classical ideas and new data},
  journal = {arXiv preprint arXiv:2103.05031},
  year    = {2021},
}

@Book{bianconi2021higher,
  author    = {Bianconi, Ginestra},
  title     = {Higher-order networks},
  publisher = {Cambridge University Press},
  year      = {2021},
}

@Article{bick2021higher,
  author  = {Bick, Christian and Gross, Elizabeth and Harrington, Heather A and Schaub, Michael T},
  title   = {What are higher-order networks?},
  comment = {Accepted by {SIAM} {R}eview},
  journal = {arXiv preprint arXiv:2104.11329},
  year    = {2021},
}

@Article{billings2019simplex2vec,
  author  = {Billings, Jacob Charles Wright and Hu, Mirko and Lerda, Giulia and Medvedev, Alexey N. and Mottes, Francesco and Onicas, Adrian and Santoro, Andrea and Petri, Giovanni},
  title   = {Simplex2{V}ec embeddings for community detection in simplicial complexes},
  journal = {arXiv preprint arXiv:1906.09068},
  year    = {2019},
}

@Article{boscaini2015learning,
  author       = {Boscaini, Davide and Masci, Jonathan and Melzi, Simone and Bronstein, Michael M and Castellani, Umberto and Vandergheynst, Pierre},
  title        = {Learning class-specific descriptors for deformable shapes using localized spectral convolutional networks},
  number       = {5},
  pages        = {13--23},
  volume       = {34},
  journal      = {Computer Graphics Forum},
  organization = {Wiley Online Library},
  year         = {2015},
}

@InProceedings{boscaini2016learning,
  author    = {Boscaini, Davide and Masci, Jonathan and Rodol{\`a}, Emanuele and Bronstein, Michael},
  booktitle = {Advances in Neural Information Processing Systems},
  title     = {Learning shape correspondence with anisotropic convolutional neural networks},
  pages     = {3189--3197},
  year      = {2016},
}

@Article{bronstein2021geometric,
  author  = {Bronstein, Michael M. and Bruna, Joan and Cohen, Taco and Veli{\v{c}}kovi{\'c}, Petar},
  title   = {Geometric deep learning: grids, groups, graphs, geodesics, and gauges},
  journal = {arXiv preprint arXiv:2104.13478},
  year    = {2021},
}

@Article{bronstein2017geometric,
  author    = {Bronstein, Michael M. and Bruna, Joan and LeCun, Yann and Szlam, Arthur and Vandergheynst, Pierre},
  title     = {Geometric deep learning: going beyond {E}uclidean data},
  number    = {4},
  pages     = {18--42},
  volume    = {34},
  journal   = {IEEE Signal Processing Magazine},
  publisher = {IEEE},
  year      = {2017},
}

@Article{bunch2020simplicial,
  author  = {Bunch, Eric and You, Qian and Fung, Glenn and Singh, Vikas},
  title   = {Simplicial 2-complex convolutional neural nets},
  journal = {NeurIPS Workshop on Topological Data Analysis and Beyond},
  year    = {2020},
}

@Article{cao2020comprehensive,
  author    = {Cao, Wenming and Yan, Zhiyue and He, Zhiquan and He, Zhihai},
  title     = {A comprehensive survey on geometric deep learning},
  pages     = {35929--35949},
  volume    = {8},
  journal   = {IEEE Access},
  publisher = {IEEE},
  year      = {2020},
}

@Article{carlsson2009topology,
  author  = {Carlsson, Gunnar},
  title   = {Topology and data},
  number  = {2},
  pages   = {255--308},
  volume  = {46},
  journal = {Bulletin of the American Mathematical Society},
  year    = {2009},
}

@Article{de2016physics,
  author    = {De Domenico, Manlio and Granell, Clara and Porter, Mason A and Arenas, Alex},
  title     = {The physics of spreading processes in multilayer networks},
  number    = {10},
  pages     = {901--906},
  volume    = {12},
  journal   = {Nature Physics},
  publisher = {Nature Publishing Group UK London},
  year      = {2016},
}

@InProceedings{deng2018ppfnet,
  author    = {Deng, Haowen and Birdal, Tolga and Ilic, Slobodan},
  booktitle = CVPR,
  title     = {{PPFNet}: global context aware local features for robust 3{D} point matching},
  pages     = {195--205},
  year      = {2018},
}

@InProceedings{deng2020cola,
  author    = {Deng, Songgaojun and Wang, Shusen and Rangwala, Huzefa and Wang, Lijing and Ning, Yue},
  booktitle = {Proceedings of the 29th ACM International Conference on Information \& Knowledge Management},
  title     = {Cola-{GNN}: cross-location attention based graph neural networks for long-term {ILI} prediction},
  pages     = {245--254},
  year      = {2020},
}

@Book{dey22,
  author    = {Tamal K. Dey and Yusu Wang},
  title     = {Computational topology for data analysis},
  publisher = {Cambridge University Press},
  year      = {2022},
}

@Article{ebli2020simplicial,
  author  = {Ebli, Stefania and Defferrard, Micha{\"e}l and Spreemann, Gard},
  title   = {Simplicial neural networks},
  journal = {NeurIPS Workshop on Topological Data Analysis and Beyond},
  year    = {2020},
}

@Book{edelsbrunner2010computational,
  author    = {Edelsbrunner, Herbert and Harer, John},
  title     = {Computational topology: an introduction},
  publisher = {American Mathematical Soc.},
  year      = {2010},
}

@Article{efthymiou2021graph,
  author  = {Efthymiou, Athanasios and Rudinac, Stevan and Kackovic, Monika and Worring, Marcel and Wijnberg, Nachoem},
  title   = {Graph neural networks for knowledge enhanced visual representation of paintings},
  journal = {arXiv preprint arXiv:2105.08190},
  year    = {2021},
}

@Article{feng2019hypergraph,
  author  = {Feng, Yifan and You, Haoxuan and Zhang, Zizhao and Ji, Rongrong and Gao, Yue},
  title   = {Hypergraph neural networks},
  number  = {01},
  pages   = {3558--3565},
  volume  = {33},
  journal = {Proceedings of the AAAI Conference on Artificial Intelligence},
  year    = {2019},
}

@Article{fey2019fast,
  author  = {Fey, Matthias and Lenssen, Jan Eric},
  title   = {Fast graph representation learning with {P}y{T}orch {G}eometric},
  journal = {arXiv preprint arXiv:1903.02428},
  year    = {2019},
}

@InProceedings{gallicchio2010graph,
  author       = {Gallicchio, Claudio and Micheli, Alessio},
  booktitle    = {The 2010 International Joint Conference on Neural Networks (IJCNN)},
  title        = {Graph echo state networks},
  organization = {IEEE},
  pages        = {1--8},
  year         = {2010},
}

@Book{ghrist2014elementary,
  author    = {Ghrist, Robert W.},
  title     = {Elementary applied topology},
  publisher = {Createspace Seattle},
  volume    = {1},
  year      = {2014},
}

@Article{giusti2022cell,
  author  = {Giusti, Lorenzo and Battiloro, Claudio and Testa, Lucia and Di Lorenzo, Paolo and Sardellitti, Stefania and Barbarossa, Sergio},
  title   = {Cell attention networks},
  journal = {arXiv preprint arXiv:2209.08179},
  year    = {2022},
}

@Book{goodfellow2016,
  author    = {Goodfellow, Ian and Bengio, Yoshua and Courville, Aaron and Bengio, Yoshua},
  publisher = {MIT Press Cambridge},
  title     = {Deep learning},
  year      = {2016},
  volume    = {1},
  url       = {https://mitpress.mit.edu/9780262035613/deep-learning/},
}

@Article{hacker2020k,
  author  = {Hacker, Celia},
  title   = {K-simplex2vec: a simplicial extension of node2vec},
  journal = {NeurIPS workshop on Topological Data Analysis and Beyond},
  year    = {2020},
}

@Article{hajijcell,
  author  = {Hajij, Mustafa and Istvan, Kyle and Zamzmi, Ghada},
  title   = {Cell complex neural networks},
  journal = {NeurIPS 2020 Workshop TDA and Beyond},
  year    = {2020},
}

@Article{huang2022multiway,
  author    = {Huang, Jiahui and Birdal, Tolga and Gojcic, Zan and Guibas, Leonidas J and Hu, Shi-Min},
  title     = {Multiway non-rigid point cloud registration via learned functional map synchronization},
  journal   = PAMI,
  publisher = {IEEE},
  year      = {2022},
}

@Article{jiang2022graph,
  author    = {Jiang, Weiwei and Luo, Jiayun},
  title     = {Graph neural network for traffic forecasting: a survey},
  pages     = {117921},
  journal   = {Expert Systems with Applications},
  publisher = {Elsevier},
  year      = {2022},
}

@Article{kipf2016semi,
  author  = {Kipf, Thomas N. and Welling, Max},
  title   = {Semi-supervised classification with graph convolutional networks},
  journal = {arXiv preprint arXiv:1609.02907},
  year    = {2016},
}

@InProceedings{kokkinos2012intrinsic,
  author       = {Kokkinos, Iasonas and Bronstein, Michael M and Litman, Roee and Bronstein, Alex M},
  booktitle    = CVPR,
  title        = {Intrinsic shape context descriptors for deformable shapes},
  organization = {IEEE},
  pages        = {159--166},
  year         = {2012},
}

@InProceedings{krizhevsky2012,
  author    = {Krizhevsky, Alex and Sutskever, Ilya and Hinton, Geoffrey E.},
  booktitle = {Advances in Neural Information Processing Systems},
  title     = {Image{N}et classification with deep convolutional neural networks},
  year      = {2012},
  url       = {https://papers.nips.cc/paper_files/paper/2012/hash/c399862d3b9d6b76c8436e924a68c45b-Abstract.html},
}

@Article{la2022music,
  author    = {La Gatta, Valerio and Moscato, Vincenzo and Pennone, Mirko and Postiglione, Marco and Sperl{\'\i}, Giancarlo},
  title     = {Music recommendation via hypergraph embedding},
  journal   = {IEEE Transactions on Neural Networks and Learning Systems},
  publisher = {IEEE},
  year      = {2022},
}

@Article{loukas2019graph,
  author  = {Loukas, Andreas},
  title   = {What graph neural networks cannot learn: depth vs width},
  journal = {arXiv preprint arXiv:1907.03199},
  year    = {2019},
}

@Article{love2023topological,
  author  = {Ephy R. Love and Benjamin Filippenko and Vasileios Maroulas and Gunnar Carlsson},
  title   = {Topological convolutional layers for deep learning},
  number  = {59},
  pages   = {1--35},
  volume  = {24},
  journal = JMLR,
  year    = {2023},
}

@Article{lambiotte2019networks,
  author    = {Lambiotte, Renaud and Rosvall, Martin and Scholtes, Ingo},
  title     = {From networks to optimal higher-order models of complex systems},
  number    = {4},
  pages     = {313--320},
  volume    = {15},
  journal   = {Nature physics},
  publisher = {Nature Publishing Group},
  year      = {2019},
}

@Article{lecun1998,
  author  = {LeCun, Yann and Bottou, L{\'e}on and Bengio, Yoshua and Haffner, Patrick},
  journal = {Proceedings of the IEEE},
  title   = {Gradient-based learning applied to document recognition},
  year    = {1998},
  number  = {11},
  pages   = {2278--2324},
  volume  = {86},
  url     = {https://ieeexplore.ieee.org/document/726791},
}

@InProceedings{masci2015geodesic,
  author    = {Masci, Jonathan and Boscaini, Davide and Bronstein, Michael and Vandergheynst, Pierre},
  booktitle = CVPR,
  title     = {Geodesic convolutional neural networks on {R}iemannian manifolds},
  pages     = {37--45},
  year      = {2015},
}

@InProceedings{monti2017geometric,
  author    = {Monti, Federico and Boscaini, Davide and Masci, Jonathan and Rodola, Emanuele and Svoboda, Jan and Bronstein, Michael M.},
  booktitle = CVPR,
  title     = {Geometric deep learning on graphs and manifolds using mixture model {CNNs}},
  pages     = {5115--5124},
  year      = {2017},
}

@Article{morris2019weisfeiler,
  author  = {Morris, Christopher and Ritzert, Martin and Fey, Matthias and Hamilton, William L. and Lenssen, Jan Eric and Rattan, Gaurav and Grohe, Martin},
  title   = {Weisfeiler and {L}eman go neural: higher-order graph neural networks},
  number  = {01},
  pages   = {4602--4609},
  volume  = {33},
  journal = {Proceedings of the AAAI Conference on Artificial Intelligence},
  year    = {2019},
}

@Article{murgas2022hypergraph,
  author    = {Murgas, Kevin A. and Saucan, Emil and Sandhu, Romeil},
  title     = {Hypergraph geometry reflects higher-order dynamics in protein interaction networks},
  number    = {1},
  pages     = {20879},
  volume    = {12},
  journal   = {Scientific Reports},
  publisher = {Nature Publishing Group UK London},
  year      = {2022},
}

@Article{oballe2021bayesian,
  author  = {Oballe, Christopher and Cherne, Alan and Boothe, Dave and Kerick, Scott and Franaszczuk, Piotr J and Maroulas, Vasileios},
  title   = {Bayesian topological signal processing},
  journal = {Discrete \& Continuous Dynamical Systems-S},
  year    = {2021},
}

@InProceedings{qi2017pointnet,
  author    = {Qi, Charles R. and Su, Hao and Mo, Kaichun and Guibas, Leonidas J.},
  booktitle = CVPR,
  title     = {Point{N}et: deep learning on point sets for 3{D} classification and segmentation},
  pages     = {652--660},
  year      = {2017},
}

@Article{rempe2020caspr,
  author  = {Rempe, Davis and Birdal, Tolga and Zhao, Yongheng and Gojcic, Zan and Sridhar, Srinath and Guibas, Leonidas J},
  title   = {{CASPR}: learning canonical spatiotemporal point cloud representations},
  pages   = {13688--13701},
  volume  = {33},
  journal = NeurIPS,
  year    = {2020},
}

@Book{robinson2014topological,
  author    = {Robinson, Michael},
  title     = {Topological signal processing},
  publisher = {Springer},
  volume    = {81},
  year      = {2014},
}

@InProceedings{roddenberry2021principled,
  author       = {Roddenberry, T. Mitchell and Glaze, Nicholas and Segarra, Santiago},
  booktitle    = ICML,
  title        = {Principled simplicial neural networks for trajectory prediction},
  organization = {PMLR},
  pages        = {9020--9029},
  year         = {2021},
}

@Article{roddenberry2021signal,
  author  = {Roddenberry, T. Mitchell and Schaub, Michael T. and Hajij, Mustafa},
  title   = {Signal processing on cell complexes},
  journal = ICASSP,
  year    = {2022},
}

@InProceedings{rombach2022,
  author    = {Rombach, Robin and Blattmann, Andreas and Lorenz, Dominik and Esser, Patrick and Ommer, Bj{\"o}rn},
  booktitle = {Computer Vision and Pattern Recognition},
  title     = {High-resolution image synthesis with latent diffusion models},
  year      = {2022},
  url       = {https://www.computer.org/csdl/proceedings-article/cvpr/2022/694600k0674/1H1iFsO7Zuw},
}

@Article{sardellitti2022topological,
  author  = {Sardellitti, Stefania and Barbarossa, Sergio},
  title   = {Topological signal representation and processing over cell complexes},
  journal = {arXiv preprint arXiv:2201.08993},
  year    = {2022},
}

@Article{scarselli2008graph,
  author    = {Scarselli, Franco and Gori, Marco and Tsoi, Ah Chung and Hagenbuchner, Markus and Monfardini, Gabriele},
  title     = {The graph neural network model},
  number    = {1},
  pages     = {61--80},
  volume    = {20},
  journal   = {IEEE transactions on neural networks},
  publisher = {IEEE},
  year      = {2008},
}

@InProceedings{schaub2018denoising,
  author    = {Schaub, Michael T. and Segarra, Santiago},
  booktitle = {2018 IEEE Global Conference on Signal and Information Processing (GlobalSIP)},
  title     = {Flow smoothing and denoising: graph signal processing in the edge-space},
  pages     = {735--739},
  year      = {2018},
}

@Article{schaub2020random,
  author    = {Schaub, Michael T. and Benson, Austin R. and Horn, Paul and Lippner, Gabor and Jadbabaie, Ali},
  title     = {Random walks on simplicial complexes and the normalized {H}odge 1-{L}aplacian},
  number    = {2},
  pages     = {353--391},
  volume    = {62},
  journal   = {SIAM Review},
  publisher = {SIAM},
  year      = {2020},
}

@Article{schaub2021signal,
  author    = {Schaub, Michael T. and Zhu, Yu and Seby, Jean-Baptiste and Roddenberry, T. Mitchell and Segarra, Santiago},
  title     = {Signal processing on higher-order networks: livinâ€™on the edge... and beyond},
  pages     = {108149},
  volume    = {187},
  journal   = {Signal Processing},
  publisher = {Elsevier},
  year      = {2021},
}

@Article{schaub2021signalbook,
  author  = {Schaub, Michael T. and Seby, Jean-Baptiste and Frantzen, Florian and Roddenberry, T. Mitchell and Zhu, Yu and Segarra, Santiago},
  title   = {Signal processing on simplicial complexes},
  journal = {arXiv preprint arXiv:2106.07471},
  year    = {2021},
}

@InCollection{schaub2022signal,
  author    = {Schaub, Michael T. and Seby, Jean-Baptiste and Frantzen, Florian and Roddenberry, T. Mitchell and Zhu, Yu and Segarra, Santiago},
  booktitle = {Higher-Order Systems},
  title     = {Signal processing on simplicial complexes},
  pages     = {301--328},
  publisher = {Springer},
  year      = {2022},
}

@Article{schiff2020characterizing,
  author  = {Schiff, Yair and Chenthamarakshan, Vijil and Ramamurthy, Karthikeyan Natesan and Das, Payel},
  title   = {Characterizing the latent space of molecular deep generative models with persistent homology metrics},
  journal = {arXiv preprint arXiv:2010.08548},
  year    = {2020},
}

@Article{shuman2016vertex,
  author    = {Shuman, David I. and Ricaud, Benjamin and Vandergheynst, Pierre},
  title     = {Vertex-frequency analysis on graphs},
  number    = {2},
  pages     = {260--291},
  volume    = {40},
  journal   = {Applied and Computational Harmonic Analysis},
  publisher = {Elsevier},
  year      = {2016},
}

@Article{simonyan2014,
  author  = {Simonyan, Karen and Zisserman, Andrew},
  journal = {arXiv preprint arXiv:1409.1556},
  title   = {Very deep convolutional networks for large-scale image recognition},
  year    = {2014},
  url     = {https://arxiv.org/abs/1409.1556},
}

@Article{skardal2021higher,
  author  = {Skardal, Per Sebastian and Arola-Fern{\'a}ndez, Llu{\'\i}s and Taylor, Dane and Arenas, Alex},
  title   = {Higher-order interactions improve optimal collective dynamics on networks},
  journal = {arXiv preprint arXiv:2108.08190},
  year    = {2021},
}

@InProceedings{sutskever2014,
  author    = {Sutskever, Ilya and Vinyals, Oriol and Le, Quoc V.},
  booktitle = {Advances in Neural Information Processing Systems},
  title     = {Sequence to sequence learning with neural networks},
  year      = {2014},
  url       = {https://arxiv.org/abs/1409.3215},
}

@Article{torres2021and,
  author    = {Torres, Leo and Blevins, Ann S and Bassett, Danielle and Eliassi-Rad, Tina},
  title     = {The why, how, and when of representations for complex systems},
  number    = {3},
  pages     = {435--485},
  volume    = {63},
  journal   = {SIAM Review},
  publisher = {SIAM},
  year      = {2021},
}

@Article{vaswani2017,
  author    = {Vaswani, Ashish and Shazeer, Noam and Parmar, Niki and Uszkoreit, Jakob and Jones, Llion and Gomez, Aidan N and Kaiser, {\L}ukasz and Polosukhin, Illia},
  title     = {Attention is all you need},
  year      = {2017},
  booktitle = {Advances in Neural Information Processing Systems},
  url       = {https://papers.nips.cc/paper_files/paper/2017/hash/3f5ee243547dee91fbd053c1c4a845aa-Abstract.html},
}

@InProceedings{wu20153d,
  author    = {Wu, Zhirong and Song, Shuran and Khosla, Aditya and Yu, Fisher and Zhang, Linguang and Tang, Xiaoou and Xiao, Jianxiong},
  booktitle = CVPR,
  title     = {3{D} {S}hape{N}ets: a deep representation for volumetric shapes},
  pages     = {1912--1920},
  year      = {2015},
}

@Article{wu2020comprehensive,
  author    = {Wu, Zonghan and Pan, Shirui and Chen, Fengwen and Long, Guodong and Zhang, Chengqi and Philip, S Yu},
  title     = {A comprehensive survey on graph neural networks},
  number    = {1},
  pages     = {4--24},
  volume    = {32},
  journal   = {IEEE transactions on neural networks and learning systems},
  publisher = {IEEE},
  year      = {2020},
}

@Book{xie2015,
  author    = {Yihui Xie},
  publisher = {Chapman and Hall/CRC},
  title     = {Dynamic documents with {R} and knitr},
  year      = {2015},
  address   = {Boca Raton, Florida},
  edition   = {2nd},
  url       = {http://yihui.name/knitr/},
}

@Manual{xie2024,
  title  = {bookdown: authoring books and technical documents with {R} {M}arkdown},
  author = {Yihui Xie},
  note   = {R package version 0.39.1},
  year   = {2024},
  url    = {https://github.com/rstudio/bookdown},
}

@InProceedings{yang2021finite,
  author       = {Yang, Maosheng and Isufi, Elvin and Schaub, Michael T and Leus, Geert},
  booktitle    = {2021 29th European Signal Processing Conference (EUSIPCO)},
  title        = {Finite impulse response filters for simplicial complexes},
  organization = {IEEE},
  pages        = {2005--2009},
  year         = {2021},
}

@Article{yang2023convolutional,
  author  = {Yang, Maosheng and Isufi, Elvin},
  title   = {Convolutional learning on simplicial complexes},
  journal = {arXiv preprint arXiv:2301.11163},
  year    = {2023},
}

@InProceedings{zhang2020deep,
  author    = {Zhang, Shi-Xue and Zhu, Xiaobin and Hou, Jie-Bo and Liu, Chang and Yang, Chun and Wang, Hongfa and Yin, Xu-Cheng},
  booktitle = CVPR,
  title     = {Deep relational reasoning graph network for arbitrary shape text detection},
  pages     = {9699--9708},
  year      = {2020},
}

@Article{zhao20223dpointcaps,
  author    = {Zhao, Yongheng and Fang, Guangchi and Guo, Yulan and Guibas, Leonidas and Tombari, Federico and Birdal, Tolga},
  title     = {3{DP}oint{C}aps++: learning 3{D} representations with capsule networks},
  number    = {9},
  pages     = {2321--2336},
  volume    = {130},
  journal   = IJCV,
  publisher = {Springer},
  year      = {2022},
}

@Article{zhu2018social,
  author    = {Zhu, Jianming and Zhu, Junlei and Ghosh, Smita and Wu, Weili and Yuan, Jing},
  title     = {Social influence maximization in hypergraph in social networks},
  number    = {4},
  pages     = {801--811},
  volume    = {6},
  journal   = {IEEE Transactions on Network Science and Engineering},
  publisher = {IEEE},
  year      = {2018},
}

@Article{zhou2020graph,
  author    = {Zhou, Jie and Cui, Ganqu and Hu, Shengding and Zhang, Zhengyan and Yang, Cheng and Liu, Zhiyuan and Wang, Lifeng and Li, Changcheng and Sun, Maosong},
  title     = {Graph neural networks: a review of methods and applications},
  pages     = {57--81},
  volume    = {1},
  journal   = {AI Open},
  publisher = {Elsevier},
  year      = {2020},
}

@Comment{jabref-meta: databaseType:bibtex;}
