@InCollection{desbrun2008discrete,
  author    = {Desbrun, Mathieu and Kanso, Eva and Tong, Yiying},
  booktitle = {Discrete Differential Geometry},
  publisher = {Springer},
  title     = {Discrete differential forms for computational modeling},
  year      = {2008},
  pages     = {287--324},
}

@Article{trask2022enforcing,
  author    = {Trask, Nathaniel and Huang, Andy and Hu, Xiaozhe},
  journal   = {Journal of Computational Physics},
  title     = {Enforcing exact physics in scientific machine learning: a data-driven exterior calculus on graphs},
  year      = {2022},
  publisher = {Elsevier},
}

@Comment{jabref-meta: databaseType:bibtex;}
